@book{ip_book,
	title = {Introduction to Video and Image Processing - Building real systems and applications},
	author = {Thomas B. Moeslund},
	year = {2012},
	number = {ISBN: 978-1447125020},
	publisher = {Springer},
	series = {Handbook}
}

@book{visual_story,
title = {The Visual Story, Second Edition: Creating the Visual Structure of Film, TV and Digital Media},
author = {Bruce Block},
year = {2007},
number = {ISBN: 978-0240807799},
edition = {Second edition},
publisher = {Focal Press}
}

@book{perception,
title = {Basic Vision: An Introduction to Visual Perception},
author = "Robert Snowden AND Peter Thompson AND Tom Troscianko",
year = {2012},
number = {978-0199572021},
edition = {Second edition},
publisher = {Oxford University Press}
}

@online{building,
   Lastchecked = {16.10.2012},
   Urldate = {2011-04-02},
   Title = {Image of building used throughout the report},
   Url = {http://www.mccullagh.org/db9/1ds2-4/fbi-headquarters-building.jpg}
}

@misc{edge_lecture,
author = {Thomas B. Moeslund},
title = {University lecture at AAU about edge detection},
institution = {Aalborg University},
year = {2012},
month = {October}
}
